<?xml version="1.0" encoding="UTF-8"?><collection xmlns="http://www.loc.gov/MARC21/slim"><record><leader>00398nam--2200133-i-4500</leader><controlfield tag="001">000010540</controlfield><controlfield tag="002">20161230</controlfield><controlfield tag="005">20161230201028</controlfield><controlfield tag="008">060222s1000------------r-----000-0-eng-d</controlfield><datafield ind1=" " ind2=" " tag="080"><subfield code="a">015.546.3. 539.L115,5,172</subfield></datafield><datafield ind1=" " ind2=" " tag="100"><subfield code="a">Breuil, Marc</subfield></datafield><datafield ind1=" " ind2=" " tag="245"><subfield code="a">Etude de la structure de quelques metaux li quides par diffraction de neutrons. these</subfield></datafield><datafield ind1=" " ind2=" " tag="260"><subfield code="a">Orsay, Faculte Des Sciences, 1971 9 P</subfield></datafield><datafield ind1=" " ind2=" " tag="852"><subfield code="a">38133</subfield></datafield></record></collection>